02RETORNO01COBRANCA       056700153465        EMPRESA DE TESTE PARA KILLBILL341BANCO ITAU SA  23100701600BPI00012221007                                                                                                                                                                                                                                                                                   000001
10100000000000000056700153465        000000006112986          00123456            175001234565             I06231007000000101000123456            100707000000000455040900458070000000000123                          000000000000000000000000000000000000000000000000491100000000003610000000000000   2210070000                                                                        00000000       B1000002
10100000000000000056700153465        000000006113230          00123459            175001234599             I06231007000000101300123459            100707000000000455040901759070000000000123                          000000000000000000000000000000000000000000000000482500000000002750000000000000   2210070000                                                                        00000000       B1000003
9201341          000000020000000000973600000000          000000000000000000000000000000                                                                                          000000000000000000000000000000000120000000200000000009736                                                                                                                                                                000004
