02RETORNO01COBRANCA       05762036548         KILL BILL TEST SAMPLE FILE S/A409UNIBANCO S/A   25100701600BPI071024CERET                                                                                                                                                                                                                                                                                070000001
1000000000000000005762036548         000000005840619          000000005840619                              106251007                              10050700000000045504090198707000000000012300000000000000000000000000000000000000000000000000000000000000000000000000491400000000003640000000000000071024713 BH00000071024019870008635400198703004001987000000000000000000              0000000001       000002
1000000000000000005762036548         000000006063977          000000006063977                              106251007                              10060700000000045504090198707000000000012300000000000000000000000000000000000000000000000000000000000000000000000000486900000000003190000000000000071024713 BH00000071024019870008636950198703004001987000000000000000000              0000000001       000003
1000000000000000005762036548         000000006353258          000000006353258                              106251007                              24100700000000044004090007207000000000012300000000000000000000000000000000000000000000000000000000000000000000000000448800000000000880000000000000071024770 BH00000071024000720003886560007203104000072000000000000000000              0000000001       000004
1000000000000000005762036548         000000006394299          000000006394299                              106251007                              10100700000000054604090029207000000000012300000000000000000000000000000000000000000000000000000000000000000000000000559400000000001340000000000000071024770 BH00000071024002920009590320029204904000292000000000000000000              0000000001       000005
1000000000000000005762036548         000000006394442          000000006394442                              106251007                              24100700000000045504090037907000000000012300000000000000000000000000000000000000000000000000000000000000000000000000464200000000000920000000000000071024770 BH00000071024003790003416620037903404000379000000000000000000              0000000001       000006
90000000500000000024507                                                                                                                                                                           05762036548                                                                                                                                                                                             000007
